<marc:record>
        <marc:leader>01850cam a2200469 a 4500</marc:leader>
        <marc:controlfield tag="001">341684</marc:controlfield>
        <marc:controlfield tag="005">20130321160734.0</marc:controlfield>
        <marc:controlfield tag="008">900717s1774    enk           00011 eng d</marc:controlfield>
        <marc:datafield ind1=" " ind2=" " tag="035">
            <marc:subfield code="a">(PUVoyagerBIBID)1197644</marc:subfield></marc:datafield>
        <marc:datafield ind1=" " ind2=" " tag="035">
            <marc:subfield code="a">(CStRLIN)PAUG90-B37607</marc:subfield>
        </marc:datafield>
        <marc:datafield ind1=" " ind2=" " tag="035">
            <marc:subfield code="a">(CaOTULAS)204874402</marc:subfield>
        </marc:datafield>
        <marc:datafield ind1=" " ind2=" " tag="035">
            <marc:subfield code="9">AJA9973</marc:subfield>
        </marc:datafield>
        <marc:datafield ind1=" " ind2=" " tag="035">
            <marc:subfield code="a">(MediadbVoyBIBID)341684</marc:subfield>
        </marc:datafield>
        <marc:datafield ind1=" " ind2=" " tag="035">
            <marc:subfield code="a">(END)sm_pr3291_a6_l34_1774</marc:subfield>
        </marc:datafield>
        <marc:datafield ind1=" " ind2=" " tag="040">
            <marc:subfield code="a">NjP</marc:subfield>
            <marc:subfield code="c">NjP</marc:subfield>
            <marc:subfield code="d">PU</marc:subfield>
        </marc:datafield>
        <marc:datafield ind1=" " ind2=" " tag="090">
            <marc:subfield code="a">PR3291.A6</marc:subfield>
            <marc:subfield code="b">L34 1774</marc:subfield>
            <marc:subfield code="i">07/17/90 CT</marc:subfield>
        </marc:datafield>
        <marc:datafield ind1="0" ind2="0" tag="100">
            <marc:subfield code="a">Lady.</marc:subfield>
        </marc:datafield>
        <marc:datafield ind1="1" ind2="4" tag="245">
            <marc:subfield code="a">The trinket :</marc:subfield>
            <marc:subfield code="b">a novel /</marc:subfield>
            <marc:subfield code="c">by a lady.</marc:subfield>
        </marc:datafield>
        <marc:datafield ind1=" " ind2=" " tag="246">
            <marc:subfield code="a">The trinket. A novel. By a lady.</marc:subfield>
            <marc:subfield code="d">Letter-press</marc:subfield>
            <marc:subfield code="g">Full</marc:subfield>
            <marc:subfield code="x">Work</marc:subfield>
        </marc:datafield>
        <marc:datafield ind1="0" ind2="7" tag="246">
            <marc:subfield code="a">The trinket.</marc:subfield>
        </marc:datafield>
        <marc:datafield ind1=" " ind2=" " tag="260">
            <marc:subfield code="a">London</marc:subfield>
            <marc:subfield code="b">Printed for T. Lowndes, no. 77, in Fleet-Street.</marc:subfield>
            <marc:subfield code="c">MDCCLXXIV.</marc:subfield>
        </marc:datafield>
        <marc:datafield ind1=" " ind2=" " tag="300">
            <marc:subfield code="a">[4], 271, [1] p. ;</marc:subfield>
            <marc:subfield code="c">18 cm. (12mo)</marc:subfield>
            <marc:subfield code="x">Duodecimo</marc:subfield>
            <marc:subfield code="a">[1 v.]</marc:subfield>
        </marc:datafield>
        <marc:datafield ind1=" " ind2=" " tag="500">
            <marc:subfield code="a">Signatures: [A]2,B-M12,N4.</marc:subfield>
        </marc:datafield>
        <marc:datafield ind1=" " ind2=" " tag="500">
            <marc:subfield code="a">Publisher\'s advertisements: p. [1] at the end.</marc:subfield>
        </marc:datafield>
        <marc:datafield ind1="4" ind2=" " tag="510">
            <marc:subfield code="a">ESTC (RLIN)</marc:subfield>
            <marc:subfield code="c">T108021</marc:subfield>
        </marc:datafield>
        <marc:datafield ind1="4" ind2=" " tag="510">
            <marc:subfield code="a">English novel, 1770-1829,</marc:subfield>
            <marc:subfield code="c">1774:22</marc:subfield>
        </marc:datafield>
        <marc:datafield ind1="4" ind2=" " tag="510">
            <marc:subfield code="a">Block, A.  Engl. novel,</marc:subfield>
            <marc:subfield code="c">p. 239.</marc:subfield>
        </marc:datafield>
        <marc:datafield ind1=" " ind2=" " tag="592">
            <marc:subfield code="a">Epistolary</marc:subfield>
        </marc:datafield>
        <marc:datafield ind1=" " ind2=" " tag="599">
            <marc:subfield code="a">Author (text)</marc:subfield>
            <marc:subfield code="b">Generic/descriptive</marc:subfield>
            <marc:subfield code="2">By a lady.</marc:subfield>
            <marc:subfield code="3">Titlepage</marc:subfield>
            <marc:subfield code="5">Female</marc:subfield>
            <marc:subfield code="6">Unknown</marc:subfield>
        </marc:datafield>
        <marc:datafield ind1=" " ind2="7" tag="655">
            <marc:subfield code="a">Epistolary fiction</marc:subfield>
            <marc:subfield code="z">England</marc:subfield>
            <marc:subfield code="y">18th century</marc:subfield>
            <marc:subfield code="2">rbgenr</marc:subfield>
        </marc:datafield>
        <marc:datafield ind1=" " ind2="7" tag="655">
            <marc:subfield code="a">Publishers\' advertisements</marc:subfield>
            <marc:subfield code="z">England</marc:subfield>
            <marc:subfield code="y">18th century</marc:subfield>
            <marc:subfield code="2">rbgenr</marc:subfield>
        </marc:datafield>
        <marc:datafield ind1=" " ind2=" " tag="656">
            <marc:subfield code="a">Non-fiction</marc:subfield>
            <marc:subfield code="b">Back</marc:subfield>
            <marc:subfield code="c">Same publisher</marc:subfield>
        </marc:datafield>
        <marc:datafield ind1=" " ind2="4" tag="650">
            <marc:subfield code="a">CHR 1774</marc:subfield>
        </marc:datafield>
        <marc:datafield ind1=" " ind2=" " tag="700">
            <marc:subfield code="a">Lowndes, Thomas</marc:subfield>
            <marc:subfield code="d">1719-1784</marc:subfield>
            <marc:subfield code="4">Publisher</marc:subfield>
            <marc:subfield code="5">Authorized</marc:subfield>
        </marc:datafield>
        <marc:datafield ind1=" " ind2=" " tag="710">
            <marc:subfield code="a">Lowndes, Thomas</marc:subfield>
            <marc:subfield code="4">Publisher</marc:subfield>
            <marc:subfield code="5">Authorized</marc:subfield>
        </marc:datafield>
        <marc:datafield ind1="2" ind2=" " tag="710">
            <marc:subfield code="a">Collection of British and American Fiction, 1660-1830 (University of Pennsylvania)</marc:subfield>
        </marc:datafield>
        <marc:datafield ind1="2" ind2=" " tag="710">
            <marc:subfield code="a">Early Novels</marc:subfield>
            <marc:subfield code="5">University of Pennsylvania</marc:subfield>
        </marc:datafield>
        <marc:datafield ind1="0" ind2="0" tag="852">
            <marc:subfield code="b">scsing</marc:subfield>
            <marc:subfield code="t">1</marc:subfield>
            <marc:subfield code="h">PR3291.A6</marc:subfield>
            <marc:subfield code="i">L34 1774</marc:subfield>
            <marc:subfield code="x">id=9999</marc:subfield>
        </marc:datafield>
        <marc:datafield ind1=" " ind2=" " tag="950">
            <marc:subfield code="l">RBC</marc:subfield>
            <marc:subfield code="e">\\\\Singer-\\Menden-\\hall\\</marc:subfield>
            <marc:subfield code="i">07/17/90 C</marc:subfield>
        </marc:datafield>
        <marc:datafield ind1=" " ind2=" " tag="955">
            <marc:subfield code="l">RBC</marc:subfield>
            <marc:subfield code="c">1</marc:subfield>
            <marc:subfield code="q">58-749</marc:subfield>
            <marc:subfield code="i">07/17/90 C</marc:subfield>
        </marc:datafield>
        <marc:datafield ind1=" " ind2=" " tag="989">
            <marc:subfield code="2">Trinket</marc:subfield>
            <marc:subfield code="2">Novel</marc:subfield>
            <marc:subfield code="2">Lady</marc:subfield>
        </marc:datafield>
        <marc:datafield ind1=" " ind2=" " tag="999">
            <marc:subfield code="a">AFD</marc:subfield>
            <marc:subfield code="b">06/08/2011</marc:subfield>
            <marc:subfield code="c">Swarthmore College</marc:subfield>
        </marc:datafield>
    </marc:record>